<?xml version="1.0" encoding="UTF-8"?><collection xmlns="http://www.loc.gov/MARC21/slim"><record><leader>00475nam--2200157-i-4500</leader><controlfield tag="001">000008653</controlfield><controlfield tag="002">20161230</controlfield><controlfield tag="005">20170114224054</controlfield><controlfield tag="008">060222s1000------------r-----000-0-eng-d</controlfield><datafield ind1=" " ind2=" " tag="080"><subfield code="a">539.219.3</subfield></datafield><datafield ind1=" " ind2=" " tag="100"><subfield code="a">Badarau, Eugen</subfield></datafield><datafield ind1=" " ind2=" " tag="245"><subfield code="a">Contributii la studiul difuziei luminii in solutii. Autoreferatul tezei pentru obtinerea titlului de doctor in fizica</subfield></datafield><datafield ind1=" " ind2=" " tag="260"><subfield code="a">Bucuresti</subfield><subfield code="b">Institutul De Fizica</subfield><subfield code="c">1967</subfield></datafield><datafield ind1=" " ind2=" " tag="300"><subfield code="a">20 p</subfield></datafield><datafield ind1=" " ind2=" " tag="852"><subfield code="a">29504</subfield></datafield><datafield ind1=" " ind2=" " tag="CAT"><subfield code="a">SYS</subfield><subfield code="c">20170114</subfield><subfield code="h">224054</subfield></datafield></record></collection>